<collection xmlns="http://www.loc.gov/MARC21/slim">
<record>
  <leader>03358nam0a2200493 i 450 </leader>
  <controlfield tag="001">IT\ICCU\CNCE\035776</controlfield>
  <controlfield tag="005">20090806000000.0</controlfield>
  <datafield tag="012" ind1=" " ind2=" ">
    <subfield code="a">roel o-e, iaa, iamo (3) 1597 (R)</subfield>
    <subfield code="2">fei</subfield>
  </datafield>
  <datafield tag="100" ind1=" " ind2=" ">
    <subfield code="a">19980114d1597        0itac0103    ba</subfield>
  </datafield>
  <datafield tag="101" ind1=" " ind2=" ">
    <subfield code="a">ITA</subfield>
  </datafield>
  <datafield tag="102" ind1=" " ind2=" ">
    <subfield code="a">IT</subfield>
  </datafield>
  <datafield tag="200" ind1="1" ind2=" ">
    <subfield code="a">℗I ℗discorsi di m. Pietro Andrea Matthioli sanese, medico cesareo, et del serenissimo prencipe Ferdinando arciduca d&apos;Austria, &amp;c. ne i sei libri di Pedacio Dioscoride Anazarbeo della materia medicinale. Dal suo istesso auttore innanzi la sua morte ricorretti, &amp; in pi ̮di mille luoghi aumentati. Con le figure tirate dalle naturali, &amp; viue piante, &amp; animali, in numero molto maggiore, che le altre per auanti stampate. Con due tauole copiosissime; l&apos;vna  ̉ci,̣ che in tutta l&apos;opera si contiene: &amp; l&apos;altra alla cura di tutte le infermit ̉del corpo humano</subfield>
  </datafield>
  <datafield tag="210" ind1=" " ind2=" ">
    <subfield code="a">In Venetia</subfield>
    <subfield code="c">appresso Felice Valgrisio</subfield>
    <subfield code="d">1597</subfield>
  </datafield>
  <datafield tag="215" ind1=" " ind2=" ">
    <subfield code="a">2 pt.</subfield>
    <subfield code="c">ill.</subfield>
    <subfield code="d">fol</subfield>
  </datafield>
  <datafield tag="300" ind1=" " ind2=" ">
    <subfield code="a">2: Del modo di distillare le acque da tutte le piante, et come vi si possino conseruare i loro veri odori &amp; sapori</subfield>
  </datafield>
  <datafield tag="620" ind1=" " ind2=" ">
    <subfield code="a">IT</subfield>
    <subfield code="d">Venezia</subfield>
  </datafield>
  <datafield tag="700" ind1=" " ind2="1">
    <subfield code="a">Mattioli,</subfield>
    <subfield code="b">Pietro Andrea</subfield>
    <subfield code="3">IT\ICCU\CNCA\004479</subfield>
  </datafield>
  <datafield tag="702" ind1=" " ind2="1">
    <subfield code="a">Dioscorides,</subfield>
    <subfield code="b">Pedanius</subfield>
    <subfield code="3">IT\ICCU\CNCA\004856</subfield>
  </datafield>
  <datafield tag="712" ind1="0" ind2="0">
    <subfield code="a">Valgrisi, Felice</subfield>
    <subfield code="3">IT\ICCU\CNCT\000758</subfield>
    <subfield code="4">650</subfield>
  </datafield>
  <datafield tag="790" ind1=" " ind2="1">
    <subfield code="a">Mattioli,</subfield>
    <subfield code="b">Pierandrea</subfield>
    <subfield code="3">IT\ICCU\CNCA\019623</subfield>
    <subfield code="z">Mattioli, Pietro Andrea</subfield>
  </datafield>
  <datafield tag="790" ind1=" " ind2="1">
    <subfield code="a">Matthioli,</subfield>
    <subfield code="b">Pietro Andrea</subfield>
    <subfield code="3">IT\ICCU\CNCA\019624</subfield>
    <subfield code="z">Mattioli, Pietro Andrea</subfield>
  </datafield>
  <datafield tag="790" ind1=" " ind2="1">
    <subfield code="a">Mattiolo,</subfield>
    <subfield code="b">Pietro Andrea</subfield>
    <subfield code="3">IT\ICCU\CNCA\019845</subfield>
    <subfield code="z">Mattioli, Pietro Andrea</subfield>
  </datafield>
  <datafield tag="790" ind1=" " ind2="1">
    <subfield code="a">Dioscorides,</subfield>
    <subfield code="b">Pedacius</subfield>
    <subfield code="3">IT\ICCU\CNCA\016110</subfield>
    <subfield code="z">Dioscorides, Pedanius</subfield>
  </datafield>
  <datafield tag="790" ind1=" " ind2="0">
    <subfield code="a">Pedacius Dioscorides</subfield>
    <subfield code="c"> : Anazarbeus</subfield>
    <subfield code="3">IT\ICCU\CNCA\016111</subfield>
    <subfield code="z">Dioscorides, Pedanius</subfield>
  </datafield>
  <datafield tag="791" ind1="0" ind2="0">
    <subfield code="a">Valgrisius, Felix</subfield>
    <subfield code="3">IT\ICCU\CNCT\005728</subfield>
    <subfield code="z">Valgrisi, Felice</subfield>
  </datafield>
  <datafield tag="801" ind1=" " ind2="3">
    <subfield code="a">IT</subfield>
    <subfield code="b">ICCU</subfield>
    <subfield code="c">20201114</subfield>
  </datafield>
  <datafield tag="899" ind1=" " ind2=" ">
    <subfield code="a">Bibliotheca Antiqua di Aboca Museum. Sansepolcro</subfield>
    <subfield code="1">AR0121</subfield>
  </datafield>
  <datafield tag="899" ind1=" " ind2=" ">
    <subfield code="a">Biblioteca civica. Fossano</subfield>
    <subfield code="1">CN0049</subfield>
    <subfield code="2">TO0 52</subfield>
  </datafield>
  <datafield tag="899" ind1=" " ind2=" ">
    <subfield code="a">Biblioteca Apostolica Vaticana. Citt ̉del Vaticano</subfield>
    <subfield code="1">EX0001</subfield>
    <subfield code="2">ZCV 01</subfield>
  </datafield>
  <datafield tag="899" ind1=" " ind2=" ">
    <subfield code="a">Biblioteca Marucelliana. Firenze</subfield>
    <subfield code="1">FI0101</subfield>
    <subfield code="2">CFI MF</subfield>
  </datafield>
  <datafield tag="899" ind1=" " ind2=" ">
    <subfield code="a">Biblioteca pubblica del Seminario teologico centrale. Gorizia</subfield>
    <subfield code="1">GO0020</subfield>
    <subfield code="2">ZGO 01</subfield>
  </datafield>
  <datafield tag="899" ind1=" " ind2=" ">
    <subfield code="a">Biblioteca Estense Universitaria. Modena</subfield>
    <subfield code="1">MO0089</subfield>
    <subfield code="2">MOD BE</subfield>
  </datafield>
  <datafield tag="899" ind1=" " ind2=" ">
    <subfield code="a">Biblioteca civica Stefano Giampaoli. Massa</subfield>
    <subfield code="1">MS0026</subfield>
    <subfield code="2">RT1 QG</subfield>
  </datafield>
  <datafield tag="899" ind1=" " ind2=" ">
    <subfield code="a">Biblioteca Seminario vescovile S. Gaudenzio. Novara</subfield>
    <subfield code="1">NO0064</subfield>
    <subfield code="2">TO0 Y5</subfield>
  </datafield>
  <datafield tag="899" ind1=" " ind2=" ">
    <subfield code="a">Biblioteca Porziuncola. Assisi</subfield>
    <subfield code="1">PG0179</subfield>
    <subfield code="2">UM1 36</subfield>
  </datafield>
  <datafield tag="899" ind1=" " ind2=" ">
    <subfield code="a">Biblioteca capitolare Fabroniana. Pistoia</subfield>
    <subfield code="1">PT0026</subfield>
    <subfield code="2">RT1 LB</subfield>
  </datafield>
  <datafield tag="899" ind1=" " ind2=" ">
    <subfield code="a">Biblioteca universitaria. Pavia</subfield>
    <subfield code="1">PV0291</subfield>
    <subfield code="2">MIL UP</subfield>
  </datafield>
  <datafield tag="899" ind1=" " ind2=" ">
    <subfield code="a">Biblioteca comunale Manfrediana. Faenza</subfield>
    <subfield code="1">RA0016</subfield>
    <subfield code="2">RAV FA</subfield>
  </datafield>
  <datafield tag="899" ind1=" " ind2=" ">
    <subfield code="a">Biblioteca Medica &quot;Pietro Giuseppe Corradini&quot; Arcispedale Santa Maria Nuova Azienda Ospedaliera. Reggio Emilia</subfield>
    <subfield code="z">MUTILO</subfield>
    <subfield code="1">RE0047</subfield>
    <subfield code="2">REA BM</subfield>
  </datafield>
  <datafield tag="899" ind1=" " ind2=" ">
    <subfield code="a">Biblioteca statale del Monumento nazionale. Cava dei Tirreni</subfield>
    <subfield code="1">SA0088</subfield>
    <subfield code="2">NAP 95</subfield>
  </datafield>
  <datafield tag="899" ind1=" " ind2=" ">
    <subfield code="a">Collezione privata Casagrande. San Don ̉di Piave</subfield>
    <subfield code="z">MUTILO</subfield>
    <subfield code="1">VE0259</subfield>
    <subfield code="2">ZVE 20</subfield>
  </datafield>
  <datafield tag="899" ind1=" " ind2=" ">
    <subfield code="a">Biblioteca della Pia societ ̉Istituto don Nicola Mazza. Verona</subfield>
    <subfield code="1">VR0177</subfield>
    <subfield code="2">PBE 31</subfield>
  </datafield>
  <datafield tag="911" ind1=" " ind2=" ">
    <subfield code="a">Sul front. e a c. 4M6v</subfield>
    <subfield code="9">IT\ICCU\CNCM\000983</subfield>
  </datafield>
  <datafield tag="921" ind1=" " ind2=" ">
    <subfield code="a">IT\ICCU\CNCM\000983</subfield>
    <subfield code="b">Serpente attorcigliato a bastone a forma di tau sostenuto da mani uscenti da nuvole. Scritta: Vincent.</subfield>
    <subfield code="c">U64</subfield>
    <subfield code="d">Dimensioni: 6,5 x 9,5</subfield>
    <subfield code="f">SERPENTE</subfield>
    <subfield code="f">BASTONE</subfield>
    <subfield code="f">VINCENT</subfield>
    <subfield code="g">1584-1597</subfield>
  </datafield>
</record>
</collection>
